<record><leader>00000cas a22000007a 4500</leader><controlfield tag="001">12175591</controlfield><controlfield tag="008">850619d19031915wiuwr ne      0    0eng d</controlfield><datafield ind1=" " ind2=" " tag="010"><subfield code="a">sn 85040666 </subfield></datafield><datafield ind1=" " ind2=" " tag="040"><subfield code="a">NPV</subfield><subfield code="b">eng</subfield><subfield code="c">NPV</subfield><subfield code="d">OCLCQ</subfield></datafield><datafield ind1=" " ind2=" " tag="042"><subfield code="a">msc</subfield></datafield><datafield ind1="0" ind2=" " tag="130"><subfield code="a">Sawyer County record (Hayward, Wis. : 1903)</subfield></datafield><datafield ind1="1" ind2="0" tag="245"><subfield code="a">Sawyer County record.</subfield></datafield><datafield ind1=" " ind2=" " tag="260"><subfield code="a">Hayward, Wis. :</subfield><subfield code="b">Williams &amp; Son</subfield></datafield><datafield ind1=" " ind2=" " tag="300"><subfield code="a">v.</subfield></datafield><datafield ind1=" " ind2=" " tag="310"><subfield code="a">Weekly</subfield></datafield><datafield ind1="0" ind2=" " tag="362"><subfield code="a">Vol. 1, no. 1 (Dec. 3, 1903)-</subfield></datafield><datafield ind1="1" ind2=" " tag="362"><subfield code="a">Ceased in Jan. 1915?</subfield></datafield><datafield ind1=" " ind2=" " tag="500"><subfield code="a">Publisher varies.</subfield></datafield><datafield ind1=" " ind2=" " tag="752"><subfield code="a">United States</subfield><subfield code="b">Wisconsin</subfield><subfield code="c">Sawyer</subfield><subfield code="d">Hayward.</subfield></datafield><datafield ind1="0" ind2="7" tag="785"><subfield code="t">Hayward Republican</subfield><subfield code="w">(DLC)sn 85040604</subfield></datafield><datafield ind1="0" ind2="7" tag="785"><subfield code="t">Sawyer County record and Hayward republican (Hayward, Wis. : 1915)</subfield><subfield code="w">(DLC)sn 85040667</subfield></datafield></record>